@article{Dummy2019,
	title = {Sodiation and {Desodiation} via {Helical} {Phosphorus} {Intermediates} in {High}-{Capacity} {Anodes} for {Sodium}-{Ion} {Batteries}},
	volume = {140},
	url = {http://pubs.acs.org/doi/10.1021/jacs.8b04183},
	doi = {10.1021/jacs.8b04183},
	number = {25},
	urldate = {2018-08-02},
	journal = {Journal of the American Chemical Society},
	author = {Marbella, Lauren E. and Evans, Matthew L. and Groh, Matthias F. and Nelson, Joseph and Griffith, Kent J. and Morris, Andrew J. and Grey, Clare P.},
	year = {2018},
	pages = {7994--8004},
}
